@article{art1,
   title = {Intraocular Pressure, Blood Pressure, and Retinal Blood Flow Autoregulation: A Mathematical Model to Clarify Their Relationship and Clinical Relevance},
   publisher = {Investigative Ophthalmology & Visual Science},
   author = {G. Guidoboni and A. Harris and S. Cassani and J. Arciero and B. Siesky and A. Amireskandari and L. Tobe and P. Egan and I. Januleviciene and J. Park},
   year = {2014},
   edition = {7th},
}

@booklet{notes,
	title = {Notes for Computational Modeling in Electronics and Biomathematics},
	author = {R. Sacco and G. Guidoboni and A.G. Mauri},
	year = {2019}
}

@article{art2,
	title = {Retinal Vessel Diameters and Their Associations with Age and Blood Pressure},
	publisher = {Investigative Ophthalmology & Visual Science},
	author = {Tien Yin Wong and Ronald Klein and Barbara E. K. Klein and Stacy M. Meuer and Larry D. Hubbard},
	year = {2003},
	edition = {11th},
}

@article{art3,
	title = {Effect of intraocular pressure on the hemodynamics of the central retinal artery: a mathematical model},
	publisher = {Mathematical Biosciences and Engineering},
	author = {G. Guidoboni and A. Harris and L. Carichino and Y. Arieli and B.A. Siesky},
	year = {2014},
	edition = {11th},
}

@mastersthesis{Tesi,
	title = {Mathematical and Computational models for the Study of Autoregulation Phenomena in the Human Retinal Microvascular Network},
	author = {Laura Origgi and Relatore Prof.ssa Paola Causin and Correlatore Prof. Riccardo Sacco},
	school = {Università degli Studi di Milano},
	year = {2011},
}

@inbook{Libro,
	title = {A Comprehensive Physically Based Approach to Modeling in Bioengineering and Life Sciences},
	author = {R. Sacco and G. Guidoboni and A.G. Mauri},
	chapter = {15.6 and 15.7 and 29.1 and 29.2},
	publisher = {Academic Press}, 
	year  ={2019},
}

@phdthesis{Tesimmagine,
	title = {Machine learning for ophthalmic screening and diagnostics from fundus images},
	author = {José Ignacio Orlando},
	school = {Medical University of Vienna},
	year ={2017},
}